@ARTICLE{ChicharroOC2016,
  AUTHOR =       {F.I. Chicharro and B. Ortega and J. Mora},
  TITLE =        {Paired SSB optical OFDM channels for high spectral efficient signal transmission over DWDM networks},
  JOURNAL =      {Optics Communications},
  YEAR =         {2016},
  volume =       {370},
  pages =        {239-244},
}
